<?xml version="1.0" encoding="utf-8"?>
<record xmlns="http://www.loc.gov/MARC21/slim" xmlns:xsi="http://www.w3.org/2001/XMLSchema-instance" xsi:schemaLocation="http://www.loc.gov/MARC21/slim http://www.loc.gov/standards/marcxml/schema/MARC21slim.xsd">
	<leader>     nam a22        4500</leader>
	<controlfield tag="001">b1234249x</controlfield>
	<controlfield tag="003">LeBAU</controlfield>
	<controlfield tag="006">m        d        </controlfield>
	<controlfield tag="007">cr cn |||m|||a</controlfield>
	<controlfield tag="008">170508m19491955ua      o     ||0 0 ara d</controlfield>
	<datafield ind1=" " ind2=" " tag="040">
		<subfield code="a">NNU</subfield>
		<subfield code="b">ara</subfield>
		<subfield code="e">rda</subfield>
		<subfield code="c">NNU</subfield>
	</datafield>
	<datafield ind1=" " ind2="4" tag="050">
		<subfield code="a">BP135.A2</subfield>
		<subfield code="b">I12 1949</subfield>
	</datafield>
	<datafield ind1="0" ind2="4" tag="082">
		<subfield code="a">297.08</subfield>
		<subfield code="2">20</subfield>
	</datafield>
	<datafield ind1="1" ind2=" " tag="100">
		<subfield code="6">880-01</subfield>
		<subfield code="a">Ibn al-Athīr, Majd al-Dīn al-Mubārak ibn Muḥammad,</subfield>
		<subfield code="d">1149-1209,</subfield>
		<subfield code="e">author.</subfield>
	</datafield>
	<datafield ind1="1" ind2="0" tag="245">
		<subfield code="6">880-02</subfield>
		<subfield code="a">Jāmi‘ al-uṣūl fī aḥādīth al-Rasūl /</subfield>
		<subfield code="c">lil-Imām Abī al-Saʻādāt Mubārak ibn Muḥammad ibn al-Athīr 544-606 H. ; ashrafa ‘alá ṭab‘ihi al-Shaykh ‘Abd al-Majīd Salīm muftī al-diyār al-Miṣrīyah sābiqan ; ṣaḥaḥahu Muḥammad Ḥāmid al-Fiqī ra’īs Jamā‘at Anṣār al-Sunnah.</subfield>
	</datafield>
	<datafield ind1=" " ind2=" " tag="250">
		<subfield code="6">880-03</subfield>
		<subfield code="a">al-Ṭab‘ah al-ūlá.</subfield>
	</datafield>
	<datafield ind1=" " ind2="1" tag="264">
		<subfield code="6">880-04</subfield>
		<subfield code="a">al-Qāhirah :</subfield>
		<subfield code="b">Maṭba‘at al-Sunnah al-Muḥamadīyah,</subfield>
		<subfield code="c">1368-1374 H. = 1949-1955 M.</subfield>
	</datafield>
	<datafield ind1=" " ind2=" " tag="300">
		<subfield code="6">880-05</subfield>
		<subfield code="a">online resource (12 volumes)</subfield>
	</datafield>
	<datafield ind1=" " ind2=" " tag="336">
		<subfield code="a">text</subfield>
		<subfield code="2">rdacontent</subfield>
	</datafield>
	<datafield ind1=" " ind2=" " tag="337">
		<subfield code="a">computer</subfield>
		<subfield code="2">rdamedia</subfield>
	</datafield>
	<datafield ind1=" " ind2=" " tag="338">
		<subfield code="a">online resource</subfield>
		<subfield code="2">rdacarrier</subfield>
	</datafield>
	<datafield ind1=" " ind2=" " tag="500">
		<subfield code="a">Part of the Arabic Collections Online (ACO) project, contributed by American University of Beirut's Jafet Memorial Library.</subfield>
	</datafield>
	<datafield ind1=" " ind2=" " tag="533">
		<subfield code="a">Electronic reproduction.</subfield>
		<subfield code="b">New York, N.Y. :</subfield>
		<subfield code="c">New York University,</subfield>
		<subfield code="d">2017.</subfield>
		<subfield code="5">NNU</subfield>
	</datafield>
	<datafield ind1="0" ind2="0" tag="600">
		<subfield code="6">880-06</subfield>
		<subfield code="a">Muḥammad,</subfield>
		<subfield code="c">Prophet,</subfield>
		<subfield code="d">-632.</subfield>
	</datafield>
	<datafield ind1=" " ind2="0" tag="650">
		<subfield code="6">880-07</subfield>
		<subfield code="a">Hadith</subfield>
		<subfield code="x">Texts</subfield>
		<subfield code="v">Early works to 1800.</subfield>
	</datafield>
	<datafield ind1="1" ind2=" " tag="700">
		<subfield code="6">880-08</subfield>
		<subfield code="a">Fiqī, Muḥammad Ḥāmid,</subfield>
		<subfield code="e">annotator.</subfield>
	</datafield>
	<datafield ind1="1" ind2=" " tag="700">
		<subfield code="6">880-09</subfield>
		<subfield code="a">Salīm, ʻAbd al-Majīd,</subfield>
		<subfield code="e">editor.</subfield>
	</datafield>
	<datafield ind1="2" ind2=" " tag="710">
		<subfield code="a">Jafet Memorial Library.</subfield>
	</datafield>
	<datafield ind1="0" ind2=" " tag="730">
		<subfield code="a">Arabic Collections Online.</subfield>
	</datafield>
	<datafield ind1="0" ind2="8" tag="776">
		<subfield code="i">Print version:</subfield>
		<subfield code="a">Ibn al-Athīr, Majd al-Dīn al-Mubārak ibn Muḥammad, 1149-1209, author.</subfield>
		<subfield code="t">Jāmi‘ al-uṣūl fī aḥādīth al-Rasūl</subfield>
		<subfield code="w">(LeBAU)b1234249x</subfield>
	</datafield>
	<datafield ind1="4" ind2="0" tag="856">
		<subfield code="u">http://hdl.handle.net/2333.1/9p8czfh5</subfield>
	</datafield>
	<datafield ind1="1" ind2=" " tag="880">
		<subfield code="6">100-01/r</subfield>
		<subfield code="a">ابن الاثير، مجد الدين المبارك بن محمد،</subfield>
		<subfield code="d">1149-1209،</subfield>
		<subfield code="e">مؤلف.</subfield>
		<subfield code="4">aut.</subfield>
	</datafield>
	<datafield ind1="1" ind2="0" tag="880">
		<subfield code="6">245-02/r</subfield>
		<subfield code="a">جامع الأصول في أحاديث الرسول /</subfield>
		<subfield code="c">للإمام أبي السعادات مبارك بن محمد إبن الأثير 544-606 هـ. ؛ أشرف على طبعه الشيخ عبد المجيد سليم مفتي الديار المصرية سابقاً ؛ صححه محمد حامد الفقي رئيس جماعة أنصار السنة المحمدية.</subfield>
	</datafield>
	<datafield ind1=" " ind2=" " tag="880">
		<subfield code="6">250-03/r</subfield>
		<subfield code="a">الطبعة الأولى.</subfield>
	</datafield>
	<datafield ind1=" " ind2="1" tag="880">
		<subfield code="6">264-04/r</subfield>
		<subfield code="a">القاهرة :</subfield>
		<subfield code="b">مطبعة السنة المحمدية،</subfield>
		<subfield code="c">1368-1374 هـ. = 1949-1955 م.</subfield>
	</datafield>
	<datafield ind1=" " ind2=" " tag="880">
		<subfield code="6">300-05/r</subfield>
		<subfield code="a">12 جزء ؛</subfield>
		<subfield code="c">25 سم</subfield>
	</datafield>
	<datafield ind1="0" ind2="4" tag="880">
		<subfield code="6">600-06/r</subfield>
		<subfield code="a">محمد،</subfield>
		<subfield code="c">النبي،</subfield>
		<subfield code="d">-632.</subfield>
	</datafield>
	<datafield ind1=" " ind2="4" tag="880">
		<subfield code="6">650-07/r</subfield>
		<subfield code="a">الحديث</subfield>
		<subfield code="x">نصوص</subfield>
		<subfield code="v">أعمال قديمة حتى 1800.</subfield>
	</datafield>
	<datafield ind1="1" ind2=" " tag="880">
		<subfield code="6">700-08/r</subfield>
		<subfield code="a">الفقي، محمد حامد،</subfield>
		<subfield code="e">محقق.</subfield>
		<subfield code="4">ann.</subfield>
	</datafield>
	<datafield ind1="1" ind2=" " tag="880">
		<subfield code="6">700-09/r</subfield>
		<subfield code="a">سليم، عبد المجيد،</subfield>
		<subfield code="e">مشرف.</subfield>
		<subfield code="4">edt.</subfield>
	</datafield>
	<datafield ind1=" " ind2=" " tag="959">
		<subfield code="a">NNU</subfield>
		<subfield code="b">WEB</subfield>
		<subfield code="c">GENI</subfield>
		<subfield code="t">0</subfield>
		<subfield code="m">Electronic access</subfield>
		<subfield code="s">01</subfield>
	</datafield>
	<datafield ind1=" " ind2=" " tag="999">
		<subfield code="i">LeBAU_b1234249x</subfield>
		<subfield code="s">aub_aco000838:v.1</subfield>
		<subfield code="s">aub_aco000839:v.2</subfield>
		<subfield code="s">aub_aco000840:v.3</subfield>
		<subfield code="s">aub_aco000841:v.4</subfield>
		<subfield code="s">aub_aco000842:v.5</subfield>
		<subfield code="s">aub_aco000843:v.6</subfield>
		<subfield code="s">aub_aco000844:v.7</subfield>
		<subfield code="s">aub_aco000845:v.8</subfield>
		<subfield code="s">aub_aco000846:v.9</subfield>
		<subfield code="s">aub_aco000847:v.10</subfield>
		<subfield code="s">aub_aco000848:v.11</subfield>
		<subfield code="s">aub_aco000849:v.12</subfield>
		<subfield code="e">(ERROR-MISC)</subfield>
		<subfield code="s">aub_aco000838:v.1</subfield>
		<subfield code="s">aub_aco000839:v.2</subfield>
		<subfield code="s">aub_aco000840:v.3</subfield>
		<subfield code="s">aub_aco000841:v.4</subfield>
		<subfield code="s">aub_aco000842:v.5</subfield>
		<subfield code="s">aub_aco000843:v.6</subfield>
		<subfield code="s">aub_aco000844:v.7</subfield>
		<subfield code="s">aub_aco000845:v.8</subfield>
		<subfield code="s">aub_aco000846:v.9</subfield>
		<subfield code="s">aub_aco000847:v.10</subfield>
		<subfield code="s">aub_aco000848:v.11</subfield>
		<subfield code="s">aub_aco000849:v.12</subfield>
	</datafield>
</record>
